@misc{senaiDemanda,
  author={Rio Branco Alimentos SA / Fábrica de Rações de Patrocínio},
  title={Monitoramento em Conservadoras de Vacinas},
  howpublished={27/11/2020},
  year={2020},
  url={http://plataforma.gpinovacao.senai.br/plataforma/demandas-da-industria/interna/4804},
  urlaccessdate={10 de Dezembro de 2020}
}

@inproceedings{brewer2015kubernetes,
  title={Kubernetes and the path to cloud native},
  author={Brewer, Eric A},
  booktitle={Proceedings of the sixth ACM symposium on cloud computing},
  pages={167--167},
  year={2015}
}